<collection xmlns="http://www.loc.gov/MARC21/slim"><record><leader>00878nam  2200277   450</leader><controlfield tag="001">752</controlfield><controlfield tag="003">http://montalegre.opacnet.com/OPAC/default.aspx?ContentAreaControl=ShowRegHoldings.ascx&amp;RegNo=16662</controlfield><datafield tag="010" ind1=" " ind2=" "><subfield code="a">972-41-1012-5</subfield></datafield><datafield tag="021" ind1=" " ind2=" "><subfield code="a">PT</subfield><subfield code="b">50931/91</subfield></datafield><datafield tag="095" ind1=" " ind2=" "><subfield code="a">PTBN00376827</subfield></datafield><datafield tag="100" ind1=" " ind2=" "><subfield code="a">19920714d1992    m  y0pory010305  ba</subfield></datafield><datafield tag="101" ind1="1" ind2=" "><subfield code="a">por</subfield><subfield code="c">fre</subfield></datafield><datafield tag="102" ind1=" " ind2=" "><subfield code="a">PT</subfield></datafield><datafield tag="105" ind1=" " ind2=" "><subfield code="a">y   z   000ay</subfield></datafield><datafield tag="106" ind1=" " ind2=" "><subfield code="a">r</subfield></datafield><datafield tag="200" ind1="1" ind2=" "><subfield code="a">Jacques e o seu amo</subfield><subfield code="e">homenagem a Denis Diderot em três actos</subfield><subfield code="f">Milan Kundera</subfield><subfield code="g">posf. François Ricard</subfield><subfield code="g">trad. Teresa Curvelo</subfield></datafield><datafield tag="210" ind1=" " ind2=" "><subfield code="a">Porto</subfield><subfield code="c">Asa</subfield><subfield code="d">1992</subfield></datafield><datafield tag="215" ind1=" " ind2=" "><subfield code="a">111, [1] p.</subfield><subfield code="d">21 cm</subfield></datafield><datafield tag="225" ind1="2" ind2=" "><subfield code="a">Letras do mundo</subfield></datafield><datafield tag="225" ind1="2" ind2=" "><subfield code="a">Asa literatura</subfield></datafield><datafield tag="304" ind1=" " ind2=" "><subfield code="a">Tít. orig. : Jacques et son maitre</subfield></datafield><datafield tag="675" ind1=" " ind2=" "><subfield code="a">885-31"19"</subfield><subfield code="v">BN</subfield><subfield code="z">por</subfield></datafield><datafield tag="700" ind1=" " ind2="1"><subfield code="a">Kundera</subfield><subfield code="b">Milan</subfield><subfield code="f">1929-</subfield></datafield><datafield tag="702" ind1=" " ind2="1"><subfield code="a">Ricard</subfield><subfield code="b">François</subfield><subfield code="4">080</subfield></datafield><datafield tag="702" ind1=" " ind2="1"><subfield code="a">Curvelo</subfield><subfield code="b">Teresa</subfield><subfield code="4">730</subfield></datafield><datafield tag="801" ind1=" " ind2="0"><subfield code="a">PT</subfield><subfield code="b">Biblioteca Municipal de Montalegre</subfield><subfield code="g">RPC</subfield></datafield><datafield tag="909" ind1="&#9;" ind2=" "><subfield code="a">1</subfield></datafield><datafield tag="966" ind1=" " ind2=" "><subfield code="a">0008897</subfield><subfield code="l">BMM</subfield><subfield code="s">SCG 821 KUN jac</subfield></datafield></record></collection>